@misc{motor,
  title = {Motors In Box 2D},
  howpublished = {https://www.iforce2d.net/b2dtut/joints-revolute}
}		
@misc{wiki,
  title = {Forklift truck},
  howpublished = {en.wikipedia.org/wiki/Forklift\_truckâ€Ž}
}
@misc{youtube,
  title = {Dancing Diggers},
  howpublished = {https://www.youtube.com/watch?v=DL3h\_GS3tbQ}
}
